<?xml version="1.0" encoding="UTF-8"?><collection xmlns="http://www.loc.gov/MARC21/slim"><record><leader>00395nam--2200145-i-4500</leader><controlfield tag="001">000013507</controlfield><controlfield tag="002">20161230</controlfield><controlfield tag="005">20161230201030</controlfield><controlfield tag="008">060222s1000------------r-----000-0-eng-d</controlfield><datafield ind1=" " ind2=" " tag="080"><subfield code="a">547:541.15</subfield></datafield><datafield ind1=" " ind2=" " tag="245"><subfield code="a">Advances in free-radical chemistry</subfield></datafield><datafield ind1=" " ind2=" " tag="260"><subfield code="a">London, Logos Press, Academic Press, 1965, 1967-</subfield></datafield><datafield ind1=" " ind2=" " tag="490"><subfield code="a">Advances In Free-radical Chemistry</subfield></datafield><datafield ind1=" " ind2=" " tag="700"><subfield code="a">Williams, G.H</subfield></datafield><datafield ind1=" " ind2=" " tag="852"><subfield code="a">24297</subfield></datafield></record></collection>